<?xml version="1.0" encoding="UTF-8"?><collection xmlns="http://www.loc.gov/MARC21/slim"><record><leader>00597nam--2200181-i-4500</leader><controlfield tag="001">000044876</controlfield><controlfield tag="002">20161230</controlfield><controlfield tag="005">20161230201044</controlfield><controlfield tag="008">060222s1000------------r-----000-0-ger-d</controlfield><datafield ind1=" " ind2=" " tag="040"><subfield code="a">IFIN-HH</subfield></datafield><datafield ind1=" " ind2=" " tag="041"><subfield code="a">ger</subfield></datafield><datafield ind1=" " ind2=" " tag="080"><subfield code="a">535.347(043)</subfield></datafield><datafield ind1="1" ind2=" " tag="100"><subfield code="a">Thornagel, Reiner</subfield></datafield><datafield ind1="1" ind2="0" tag="245"><subfield code="a">Entwicklung einer methode zur quantitativen bestimmung der photoenemission von rontgenquellen und ihre anwendung auf lasererzeugte kohlenstoff-und eisen-plasmen</subfield><subfield code="b">Disssertation</subfield><subfield code="c">Reiner thornagel</subfield></datafield><datafield ind1=" " ind2=" " tag="260"><subfield code="a">Berlin</subfield><subfield code="b">Universitat</subfield><subfield code="c">1990</subfield></datafield><datafield ind1=" " ind2=" " tag="300"><subfield code="a">95P</subfield></datafield><datafield ind1=" " ind2=" " tag="852"><subfield code="a">79549</subfield><subfield code="c">537.531</subfield></datafield><datafield ind1=" " ind2=" " tag="CAT"><subfield code="a">Sys</subfield><subfield code="c">20110810</subfield><subfield code="h">154931</subfield></datafield></record></collection>